@misc{Miller,
abstract = {Tests for the presence of the vsFTPd 2.3.4 backdoor reported on 2011-07-04 (CVE-2011-2523). This script attempts to exploit the backdoor using the innocuous id command by default, but that can be changed with the exploit.cmd or ftp-vsftpd-backdoor.cmd script arguments.},
author = {Miller, Daniel},
booktitle = {NMAP},
keywords = {exploit,intrusive,malware,vuln},
title = {{File ftp-vsftpd-backdoor}},
url = {https://nmap.org/nsedoc/scripts/ftp-vsftpd-backdoor.html},
urldate = {2016}
}
@book{Stallings2014,
address = {Saddle River},
author = {Stallings, William},
edition = {Tenth},
isbn = {0133506487},
publisher = {Pearson Education},
title = {{Data and Computer Communications}},
year = {2014}
}
@misc{Nguyen2015,
author = {Nguyen, Trinh},
title = {{Install OpenVAS 8 in Ubuntu 14.04 using PPA}},
url = {http://www.dangtrinh.com/2015/05/install-openvas-8-in-ubuntu-1404-using.html},
urldate = {2016},
year = {2015}
}
@misc{Slakinski2005,
author = {Slakinski, Ray},
title = {{XCode 1.5 and distcc 2.x Exploit}},
url = {http://archives.neohapsis.com/archives/bugtraq/2005-03/0183.html},
year = {2005}
}
@misc{,
title = {{About OpenVAS Software}},
url = { http://www.openvas.org/software.html},
urldate = {20160403}
}
