@misc{Muts,
author = {Muts},
booktitle = {Exploit Database},
title = {{SLMail 5.5 - POP3 PASS Buffer Overflow Exploit}},
url = {https://www.exploit-db.com/exploits/638/},
urldate = {20160407}
}
@misc{SeattleLabs2001,
author = {SeattleLabs},
title = {{SLMail}},
url = {https://web.archive.org/web/20010413021016/http://www.seattlelab.com/slmail/},
year = {2001}
}
