@misc{Brito2008,
author = {Brito, Nelson},
title = {{Exploit creation â€“ The random approach}},
url = {https://dl.packetstormsecurity.net/papers/general/ENG{\_}in{\_}a{\_}nutshell.pdf},
year = {2008}
}
@misc{Muts,
author = {Muts},
booktitle = {Exploit Database},
title = {{SLMail 5.5 - POP3 PASS Buffer Overflow Exploit}},
url = {https://www.exploit-db.com/exploits/638/},
urldate = {2016-01-01}
}
